
@article{puurunen_surface_2005,
	title = {Surface chemistry of atomic layer deposition: A case study for the trimethylaluminum/water process},
	volume = {97},
	issn = {00218979},
	shorttitle = {Surface chemistry of atomic layer deposition},
	url = {http://link.aip.org/link/JAPIAU/v97/i12/p121301/s1&Agg=doi},
	doi = {10.1063/1.1940727},
	number = {12},
	urldate = {2011-08-11},
	journal = {Journal of Applied Physics},
	author = {Puurunen, Riikka L.},
	year = {2005},
	pages = {121301},
	annote = {steric hindrance and {OH} concentration, temperature-dependence, saturation},
	file = {ALD_Review_2005.pdf:/home/e.lorenz/.mozilla/firefox/e.lorenz/zotero/storage/2E677H5R/ALD_Review_2005.pdf:application/pdf}
}